<?xml version="1.0" encoding="UTF-8"?><collection xmlns="http://www.loc.gov/MARC21/slim"><record><leader>00827nam--2200205-i-4500</leader><controlfield tag="001">000045736</controlfield><controlfield tag="002">20161230</controlfield><controlfield tag="005">20161230201045</controlfield><controlfield tag="008">060222s1000------------r-----000-0-fre-d</controlfield><datafield ind1=" " ind2=" " tag="040"><subfield code="a">IFIN-HH</subfield></datafield><datafield ind1=" " ind2=" " tag="041"><subfield code="a">fre</subfield></datafield><datafield ind1=" " ind2=" " tag="080"><subfield code="a">539.1</subfield></datafield><datafield ind1="1" ind2=" " tag="100"><subfield code="a">Truchet,Rene</subfield></datafield><datafield ind1="1" ind2="0" tag="245"><subfield code="a">Application des methodes physiques et chimiques a la determination de la structure de quelques composes naturels. l'ultrafiltration fractionnee et son emploi dans l'etude de substances biologiques</subfield><subfield code="b">Etudes physicochimiques appliquees a la biologie. symposium tenu a bordeaux, 30 juin-2 juillet 1941</subfield><subfield code="c">Rene truchet, p. grabar</subfield></datafield><datafield ind1=" " ind2=" " tag="260"><subfield code="a">Paris</subfield><subfield code="b">Hermann &amp; C-ie, Editeurs</subfield><subfield code="c">1943</subfield></datafield><datafield ind1=" " ind2=" " tag="300"><subfield code="a">142 P. + 4 FIG</subfield></datafield><datafield ind1=" " ind2=" " tag="490"><subfield code="a">Actualites Scientifiques Et Industrielles</subfield><subfield code="v">Vol. 957</subfield></datafield><datafield ind1="1" ind2=" " tag="700"><subfield code="a">Grabar, R</subfield></datafield><datafield ind1=" " ind2=" " tag="852"><subfield code="a">44449</subfield><subfield code="c">H.H</subfield></datafield><datafield ind1=" " ind2=" " tag="CAT"><subfield code="a">Sys</subfield><subfield code="c">20130404</subfield><subfield code="h">113716</subfield></datafield></record></collection>